%YAML 1.1
%TAG !u! tag:unity3d.com,2011:
--- !u!1 &637085873803535139
GameObject:
  m_ObjectHideFlags: 0
  m_CorrespondingSourceObject: {fileID: 0}
  m_PrefabInstance: {fileID: 0}
  m_PrefabAsset: {fileID: 0}
  serializedVersion: 6
  m_Component:
  - component: {fileID: 637085873803535150}
  - component: {fileID: 637085873803535151}
  - component: {fileID: 637085873803535136}
  - component: {fileID: 637085873803535137}
  - component: {fileID: 637085873803535138}
  m_Layer: 0
  m_Name: CacheP
  m_TagString: Untagged
  m_Icon: {fileID: 0}
  m_NavMeshLayer: 0
  m_StaticEditorFlags: 0
  m_IsActive: 1
--- !u!4 &637085873803535150
Transform:
  m_ObjectHideFlags: 0
  m_CorrespondingSourceObject: {fileID: 0}
  m_PrefabInstance: {fileID: 0}
  m_PrefabAsset: {fileID: 0}
  m_GameObject: {fileID: 637085873803535139}
  m_LocalRotation: {x: -0, y: -0, z: -0, w: 1}
  m_LocalPosition: {x: 0, y: 0, z: 0}
  m_LocalScale: {x: 1, y: 1, z: 1}
  m_Children: []
  m_Father: {fileID: 3320542147559250689}
  m_RootOrder: 0
  m_LocalEulerAnglesHint: {x: 0, y: 0, z: 0}
--- !u!2083052967 &637085873803535151
VisualEffect:
  m_ObjectHideFlags: 0
  m_CorrespondingSourceObject: {fileID: 0}
  m_PrefabInstance: {fileID: 0}
  m_PrefabAsset: {fileID: 0}
  m_GameObject: {fileID: 637085873803535139}
  m_Enabled: 1
  m_Asset: {fileID: 8926484042661614526, guid: aa2168777fc3be647aaced15fd56d911, type: 3}
  m_InitialEventName: OnPlay
  m_InitialEventNameOverriden: 0
  m_StartSeed: 0
  m_ResetSeedOnPlay: 1
  m_ResourceVersion: 1
  m_PropertySheet:
    m_Float:
      m_Array: []
    m_Vector2f:
      m_Array: []
    m_Vector3f:
      m_Array:
      - m_Value: {x: 0.000009334667, y: -0, z: -0}
        m_Name: Transform_angles
        m_Overridden: 1
      - m_Value: {x: 0, y: 0, z: 0}
        m_Name: Transform_position
        m_Overridden: 1
      - m_Value: {x: 1, y: 1, z: 1}
        m_Name: Transform_scale
        m_Overridden: 1
    m_Vector4f:
      m_Array: []
    m_Uint:
      m_Array: []
    m_Int:
      m_Array: []
    m_Matrix4x4f:
      m_Array: []
    m_AnimationCurve:
      m_Array: []
    m_Gradient:
      m_Array: []
    m_NamedObject:
      m_Array: []
    m_Bool:
      m_Array: []
--- !u!73398921 &637085873803535136
VFXRenderer:
  m_ObjectHideFlags: 0
  m_CorrespondingSourceObject: {fileID: 0}
  m_PrefabInstance: {fileID: 0}
  m_PrefabAsset: {fileID: 0}
  m_GameObject: {fileID: 637085873803535139}
  m_Enabled: 1
  m_CastShadows: 0
  m_ReceiveShadows: 0
  m_DynamicOccludee: 1
  m_MotionVectors: 0
  m_LightProbeUsage: 0
  m_ReflectionProbeUsage: 0
  m_RayTracingMode: 0
  m_RayTraceProcedural: 0
  m_RenderingLayerMask: 1
  m_RendererPriority: 0
  m_Materials:
  - {fileID: 0}
  m_StaticBatchInfo:
    firstSubMesh: 0
    subMeshCount: 0
  m_StaticBatchRoot: {fileID: 0}
  m_ProbeAnchor: {fileID: 0}
  m_LightProbeVolumeOverride: {fileID: 0}
  m_ScaleInLightmap: 1
  m_ReceiveGI: 1
  m_PreserveUVs: 0
  m_IgnoreNormalsForChartDetection: 0
  m_ImportantGI: 0
  m_StitchLightmapSeams: 1
  m_SelectedEditorRenderState: 3
  m_MinimumChartSize: 4
  m_AutoUVMaxDistance: 0.5
  m_AutoUVMaxAngle: 89
  m_LightmapParameters: {fileID: 0}
  m_SortingLayerID: 0
  m_SortingLayer: 0
  m_SortingOrder: 0
--- !u!114 &637085873803535137
MonoBehaviour:
  m_ObjectHideFlags: 0
  m_CorrespondingSourceObject: {fileID: 0}
  m_PrefabInstance: {fileID: 0}
  m_PrefabAsset: {fileID: 0}
  m_GameObject: {fileID: 637085873803535139}
  m_Enabled: 1
  m_EditorHideFlags: 0
  m_Script: {fileID: 11500000, guid: cdafc37f32b176349b1684c4455b98e9, type: 3}
  m_Name: 
  m_EditorClassIdentifier: 
  m_ExecuteInEditor: 1
  m_Bindings:
  - {fileID: 637085873803535138}
  m_VisualEffect: {fileID: 637085873803535151}
--- !u!114 &637085873803535138
MonoBehaviour:
  m_ObjectHideFlags: 0
  m_CorrespondingSourceObject: {fileID: 0}
  m_PrefabInstance: {fileID: 0}
  m_PrefabAsset: {fileID: 0}
  m_GameObject: {fileID: 637085873803535139}
  m_Enabled: 1
  m_EditorHideFlags: 0
  m_Script: {fileID: 11500000, guid: 7fdfea1f838247c40921a07afedde962, type: 3}
  m_Name: 
  m_EditorClassIdentifier: 
  m_Property:
    m_Name: Transform
  Target: {fileID: 3823989058959966431}
--- !u!1 &6508317964598342659
GameObject:
  m_ObjectHideFlags: 0
  m_CorrespondingSourceObject: {fileID: 0}
  m_PrefabInstance: {fileID: 0}
  m_PrefabAsset: {fileID: 0}
  serializedVersion: 6
  m_Component:
  - component: {fileID: 3320542147559250689}
  m_Layer: 0
  m_Name: Disintigration
  m_TagString: Untagged
  m_Icon: {fileID: 0}
  m_NavMeshLayer: 0
  m_StaticEditorFlags: 0
  m_IsActive: 1
--- !u!4 &3320542147559250689
Transform:
  m_ObjectHideFlags: 0
  m_CorrespondingSourceObject: {fileID: 0}
  m_PrefabInstance: {fileID: 0}
  m_PrefabAsset: {fileID: 0}
  m_GameObject: {fileID: 6508317964598342659}
  m_LocalRotation: {x: 0, y: 0, z: 0, w: 1}
  m_LocalPosition: {x: 0, y: 0, z: 0}
  m_LocalScale: {x: 1, y: 1, z: 1}
  m_Children:
  - {fileID: 637085873803535150}
  - {fileID: 3823989058959966431}
  m_Father: {fileID: 0}
  m_RootOrder: 0
  m_LocalEulerAnglesHint: {x: 0, y: 0, z: 0}
--- !u!1001 &1068948549966245024
PrefabInstance:
  m_ObjectHideFlags: 0
  serializedVersion: 2
  m_Modification:
    m_TransformParent: {fileID: 3320542147559250689}
    m_Modifications:
    - target: {fileID: 3138742994488645392, guid: a1e750184b1f1e447bc50fe88bb2410b,
        type: 3}
      propertyPath: m_Materials.Array.data[0]
      value: 
      objectReference: {fileID: 2100000, guid: 8ee8838a48c002c4ebb3b2c1bcd1b868, type: 2}
    - target: {fileID: 3499281996680689349, guid: a1e750184b1f1e447bc50fe88bb2410b,
        type: 3}
      propertyPath: m_Name
      value: XBOT_combined
      objectReference: {fileID: 0}
    - target: {fileID: 4306605364715072639, guid: a1e750184b1f1e447bc50fe88bb2410b,
        type: 3}
      propertyPath: m_RootOrder
      value: 1
      objectReference: {fileID: 0}
    - target: {fileID: 4306605364715072639, guid: a1e750184b1f1e447bc50fe88bb2410b,
        type: 3}
      propertyPath: m_LocalPosition.x
      value: 0
      objectReference: {fileID: 0}
    - target: {fileID: 4306605364715072639, guid: a1e750184b1f1e447bc50fe88bb2410b,
        type: 3}
      propertyPath: m_LocalPosition.y
      value: 0
      objectReference: {fileID: 0}
    - target: {fileID: 4306605364715072639, guid: a1e750184b1f1e447bc50fe88bb2410b,
        type: 3}
      propertyPath: m_LocalPosition.z
      value: 0
      objectReference: {fileID: 0}
    - target: {fileID: 4306605364715072639, guid: a1e750184b1f1e447bc50fe88bb2410b,
        type: 3}
      propertyPath: m_LocalRotation.w
      value: 1
      objectReference: {fileID: 0}
    - target: {fileID: 4306605364715072639, guid: a1e750184b1f1e447bc50fe88bb2410b,
        type: 3}
      propertyPath: m_LocalRotation.x
      value: 0.000000081460335
      objectReference: {fileID: 0}
    - target: {fileID: 4306605364715072639, guid: a1e750184b1f1e447bc50fe88bb2410b,
        type: 3}
      propertyPath: m_LocalRotation.y
      value: -0
      objectReference: {fileID: 0}
    - target: {fileID: 4306605364715072639, guid: a1e750184b1f1e447bc50fe88bb2410b,
        type: 3}
      propertyPath: m_LocalRotation.z
      value: -0
      objectReference: {fileID: 0}
    - target: {fileID: 4306605364715072639, guid: a1e750184b1f1e447bc50fe88bb2410b,
        type: 3}
      propertyPath: m_LocalEulerAnglesHint.x
      value: 0
      objectReference: {fileID: 0}
    - target: {fileID: 4306605364715072639, guid: a1e750184b1f1e447bc50fe88bb2410b,
        type: 3}
      propertyPath: m_LocalEulerAnglesHint.y
      value: 0
      objectReference: {fileID: 0}
    - target: {fileID: 4306605364715072639, guid: a1e750184b1f1e447bc50fe88bb2410b,
        type: 3}
      propertyPath: m_LocalEulerAnglesHint.z
      value: 0
      objectReference: {fileID: 0}
    m_RemovedComponents: []
  m_SourcePrefab: {fileID: 100100000, guid: a1e750184b1f1e447bc50fe88bb2410b, type: 3}
--- !u!4 &3823989058959966431 stripped
Transform:
  m_CorrespondingSourceObject: {fileID: 4306605364715072639, guid: a1e750184b1f1e447bc50fe88bb2410b,
    type: 3}
  m_PrefabInstance: {fileID: 1068948549966245024}
  m_PrefabAsset: {fileID: 0}
